
@article{
    factorization,
    author = {Koren Y., Bell R., Volinsky C.},
    year = {2009},
	number = {42},
    journal="IEEE Computer",
    title = {MATRIX FACTORIZATION TECHNIQUES FOR RECOMMENDER SYSTEMS}
}

@misc{
	libreco,
	title="LibRecommender: official PyPl project page [Электронный ресурс]",
	howpublished="Режим доступа: https://pypi.org/project/LibRecommender/ (дата обращения 10.10.2024)."
}
@misc{
	matplotlib,
	title="Matplotlib official page [Электронный ресурс]",
	howpublished="Режим доступа: \url{https://matplotlib.org/} (дата обращения 10.10.2024)"
}

@misc{
	sklearn,
	title="Scikit-learn official page [Электронный ресурс]",
	howpublished="Режим доступа: \url{https://scikit-learn.org/stable/} (дата обращения 10.10.2024)"
}

@article{
    sr1,
    author = {Олянич Игорь Анатольевич},
    year = {2018},
    number = {6-2},
    journal="Известия Самарского научного центра РАН",
    title = {Сравнение алгоритмов построения ассоциативных правил на основе набора данных покупательских транзакций}
}


@misc{
	Python,
	title="Python official page [Электронный ресурс]",
	howpublished="Режим доступа: \url{https://www.python.org/} (дата обращения 10.10.2024)"
}

