@article{
    sr1,
    author = {Олянич Игорь Анатольевич},
    year = {2018},
    number = {6-2},
    journal="Известия Самарского научного центра РАН",
    title = {Сравнение алгоритмов построения ассоциативных правил на основе набора данных покупательских транзакций}
}

@article{
    fpgrowth,
    author = {Jiawei Han, Hong Cheng, Dong Xi},
    year = {2006},
    title = {Frequent pattern mining: current status and future directions},
	journal={Режим доступа: \url{https://sites.cs.ucsb.edu/~xyan/papers/dmkd07_frequentpattern.pdf} (дата обращения 20.09.2023)},
}

@misc{
	dataset,
	title="Kaggle Market Basket Optimisation Dataset [Электронный ресурс]",
	howpublished="Режим доступа: \url{https://www.kaggle.com/datasets/devchauhan1/market-basket-optimisationcsv} (дата обращения 16.09.2023)"
}

@misc{
	apyori,
	title="Apyory: official PyPl project page [Электронный ресурс]",
	howpublished="Режим доступа: \url{https://pypi.org/project/apyori/} (дата обращения 16.09.2023)"
}

@misc{
	fpgrowth_py,
	title="fpgrowth-py: official PyPl project page [Электронный ресурс]",
	howpublished="Режим доступа: \url{https://pypi.org/project/fpgrowth-py/} (дата обращения 16.09.2023)"
}

@misc{
	pyECLAT,
	title="pyECLAT: official PyPl project page [Электронный ресурс]",
	howpublished="Режим доступа: \url{https://pypi.org/project/pyECLAT/} (дата обращения 16.09.2023)"
}



@misc{
	Python,
	title="Python official page [Электронный ресурс]",
	howpublished="Режим доступа: \url{https://www.python.org/} (дата обращения 10.05.2023)"
}

